@BOOK{2008gady.book.....B,
       author = {{Binney}, James and {Tremaine}, Scott},
        title = "{Galactic Dynamics: Second Edition}",
         year = 2008,
       adsurl = {https://ui.adsabs.harvard.edu/abs/2008gady.book.....B},
      adsnote = {Provided by the SAO/NASA Astrophysics Data System}
}

@BOOK{1998gaas.book.....B,
       author = {{Binney}, James and {Merrifield}, Michael},
        title = "{Galactic Astronomy}",
         year = 1998,
       adsurl = {https://ui.adsabs.harvard.edu/abs/1998gaas.book.....B},
      adsnote = {Provided by the SAO/NASA Astrophysics Data System}
}

@ARTICLE{2016ARA&A..54..529B,
       author = {{Bland-Hawthorn}, Joss and {Gerhard}, Ortwin},
        title = "{The Galaxy in Context: Structural, Kinematic, and Integrated Properties}",
      journal = {\araa},
     keywords = {Astrophysics - Astrophysics of Galaxies},
         year = 2016,
        month = sep,
       volume = {54},
        pages = {529-596},
          doi = {10.1146/annurev-astro-081915-023441},
archivePrefix = {arXiv},
       eprint = {1602.07702},
 primaryClass = {astro-ph.GA},
       adsurl = {https://ui.adsabs.harvard.edu/abs/2016ARA&A..54..529B},
      adsnote = {Provided by the SAO/NASA Astrophysics Data System}
}

@ARTICLE{1785RSPT...75..213H,
       author = {{Herschel}, William},
        title = "{On the Construction of the Heavens.}",
      journal = {Philosophical Transactions of the Royal Society of London Series I},
         year = 1785,
        month = jan,
       volume = {75},
        pages = {213-266},
       adsurl = {https://ui.adsabs.harvard.edu/abs/1785RSPT...75..213H},
      adsnote = {Provided by the SAO/NASA Astrophysics Data System}
}


@BOOK{vanderKruit2019,
       author = {{\VAN{Kruit}{van der}{van der} Kruit}, Pieter C.},
        title = "{Jan Hendrik Oort: Master of the Galactic System}",
         year = 2019,
          doi = {10.1007/978-3-030-17801-7},
    publisher = {Springer},
       adsurl = {https://ui.adsabs.harvard.edu/abs/2019ASSL..459.....V},
      adsnote = {Provided by the SAO/NASA Astrophysics Data System}
}


@BOOK{2017gra..book.....S,
       author = {{Sofue}, Yoshiaki},
        title = "{Galactic Radio Astronomy}",
         year = 2017,
          doi = {10.1007/978-981-10-3445-9},
       adsurl = {https://ui.adsabs.harvard.edu/abs/2017gra..book.....S},
      adsnote = {Provided by the SAO/NASA Astrophysics Data System}
}

@book{Ginga2,
        title = {\begin{CJK}{UTF8}{ipxm}祖父江 義明, 有本 信雄, 家 正則 [編] 銀河II 銀河系 [第2版]（シリーズ現代の天文学 第５巻）\end{CJK}},
       editor = {{Sofue}, Y  and {Arimoto}, N and {Iye}, M},
         year = {2018},
    publisher = {\begin{CJK}{UTF8}{ipxm}日本評論社\end{CJK}},
         isbn = {9784535607552},
}


@BOOK{bringhurst:2002,
    title = {{T}he {E}lements of {T}ypographic {S}tyle},
    publisher = {Hartley \& Marks Publishers},
    year = {2013},
    author = {Robert Bringhurst},
    series = {Version 4.0: 20th Anniversary Edition},
    address = {Point Roberts, WA, USA}
}

